<record><leader>00000cas a2200000 a 4500</leader><controlfield tag="001">31384905</controlfield><controlfield tag="007">hd afu---buca</controlfield><controlfield tag="008">941031d186419uuohuwr nea     0   a0eng c</controlfield><datafield ind1=" " ind2=" " tag="010"><subfield code="a">  2008253188</subfield></datafield><datafield ind1=" " ind2=" " tag="040"><subfield code="a">NTE</subfield><subfield code="b">eng</subfield><subfield code="c">NTE</subfield><subfield code="d">OCL</subfield><subfield code="d">OCLCQ</subfield><subfield code="d">WAU</subfield><subfield code="d">OCLCQ</subfield><subfield code="d">OCLCF</subfield><subfield code="d">OCLCQ</subfield></datafield><datafield ind1=" " ind2=" " tag="042"><subfield code="a">pcc</subfield></datafield><datafield ind1=" " ind2=" " tag="043"><subfield code="a">n-us-wa</subfield></datafield><datafield ind1=" " ind2="4" tag="050"><subfield code="a">AN48.W2</subfield><subfield code="b">W38x</subfield></datafield><datafield ind1="0" ind2="4" tag="082"><subfield code="a">071.9748</subfield><subfield code="2">19</subfield></datafield><datafield ind1="0" ind2="0" tag="245"><subfield code="a">Walla Walla statesman.</subfield></datafield><datafield ind1=" " ind2=" " tag="260"><subfield code="a">Walla Walla, Wash. Terr. :</subfield><subfield code="b">R.R &amp; S.G. Rees</subfield></datafield><datafield ind1=" " ind2=" " tag="300"><subfield code="a">volumes</subfield></datafield><datafield ind1=" " ind2=" " tag="310"><subfield code="a">Weekly</subfield></datafield><datafield ind1=" " ind2=" " tag="336"><subfield code="a">text</subfield><subfield code="b">txt</subfield><subfield code="2">rdacontent</subfield></datafield><datafield ind1=" " ind2=" " tag="337"><subfield code="a">microform</subfield><subfield code="b">h</subfield><subfield code="2">rdamedia</subfield></datafield><datafield ind1=" " ind2=" " tag="338"><subfield code="a">microfilm reel</subfield><subfield code="b">hd</subfield><subfield code="2">rdacarrier</subfield></datafield><datafield ind1="0" ind2=" " tag="362"><subfield code="a">Vol. 3, no. 38 (Sept. 2, 1864)-</subfield></datafield><datafield ind1=" " ind2=" " tag="588"><subfield code="a">Latest issue consulted: Vol. 23, no. 8 (Feb. 23, 1884).</subfield></datafield><datafield ind1=" " ind2=" " tag="533"><subfield code="a">Microfilm.</subfield><subfield code="b">Olympia, Wash. :</subfield><subfield code="b">Washington State Library ;</subfield><subfield code="b">Cleveland, Ohio :</subfield><subfield code="c">Bell &amp; Howell, Micro Photo Division [distributor].</subfield><subfield code="e">microfilm reels ; 35 mm.</subfield><subfield code="n">Filmed with: Washington statesman (Walla Walla, Wash.).</subfield></datafield><datafield ind1=" " ind2="0" tag="651"><subfield code="a">Walla Walla (Wash.)</subfield><subfield code="v">Newspapers.</subfield></datafield><datafield ind1=" " ind2="7" tag="651"><subfield code="a">Washington (State)</subfield><subfield code="z">Walla Walla.</subfield><subfield code="2">fast</subfield><subfield code="0">(OCoLC)fst01208940</subfield></datafield><datafield ind1=" " ind2="7" tag="655"><subfield code="a">Newspapers.</subfield><subfield code="2">fast</subfield><subfield code="0">(OCoLC)fst01423814</subfield></datafield><datafield ind1=" " ind2=" " tag="752"><subfield code="a">United States</subfield><subfield code="b">Washington</subfield><subfield code="c">Walla Walla</subfield><subfield code="d">Walla Walla.</subfield></datafield><datafield ind1="1" ind2=" " tag="776"><subfield code="c">Original</subfield><subfield code="w">(DLC)sn 86072040</subfield><subfield code="w">(OCoLC)14402111</subfield></datafield><datafield ind1="0" ind2="0" tag="780"><subfield code="t">Washington statesman (Walla Walla, Wash.)</subfield><subfield code="w">(DLC)  2008253187</subfield><subfield code="w">(OCoLC)31384857</subfield></datafield><datafield ind1="0" ind2="0" tag="785"><subfield code="t">Weekly statesman</subfield><subfield code="w">(DLC)  2008253189</subfield><subfield code="w">(OCoLC)9789129</subfield></datafield></record>